@misc{tkinter,
    title={Тимур М. Создание настольных Python приложений с графическим интерфейсом пользователя
    ЛитРес: Самиздат. - 2021},
    howpublished=""
}


@misc{python,
    title={Официальная документация языка Python.},
    note = {URL: \url{https://docs.python.org/3.12/}},
    howpublished=""
}


@misc{dll,
    title={ХАБР.Двусвязный список.},
    note = {URL: \url{https://habr.com/ru/companies/otus/articles/849482/}},
    howpublished=""
}